%% LaTeX2e file `references.bib'
%% generated by the `filecontents' environment
%% from source `template' on 2025/06/04.
%%
@book{goodfellow2016deep,
  title={Deep learning},
  author={Goodfellow, Ian and Bengio, Yoshua and Courville, Aaron},
  volume={1},
  year={2016},
  publisher={MIT Press}
}
@article{wang2018glueam,
  author = {Alex Wang and Amanpreet Singh and Julian Michael and Felix Hill and Omer Levy and Samuel R. Bowman},
  booktitle = {BlackboxNLP@EMNLP},
  pages = {353--355},
  title = {{GLUE}: A Multi-Task Benchmark and Analysis Platform for Natural Language Understanding},
  year = {2018}
}
@article{gupta2024twinadaptcl,
  author = {Ragini Gupta and Beitong Tian and Yaohui Wang and Klara Nahrstedt},
  booktitle = {Future Internet},
  journal = {Future Internet},
  pages = {239},
  title = {TWIN-ADAPT: Continuous Learning for Digital Twin-Enabled Online Anomaly Classification in IoT-Driven Smart Labs},
  volume = {16},
  year = {2024}
}
@article{recht2019doic,
  author = {B. Recht and R. Roelofs and Ludwig Schmidt and Vaishaal Shankar},
  booktitle = {International Conference on Machine Learning},
  pages = {5389--5400},
  title = {Do ImageNet Classifiers Generalize to ImageNet?},
  year = {2019}
}
@article{rajpurkar2016squad1q,
  author = {Pranav Rajpurkar and Jian Zhang and Konstantin Lopyrev and Percy Liang},
  booktitle = {Conference on Empirical Methods in Natural Language Processing},
  pages = {2383--2392},
  title = {{SQuAD}: 100{,}000+ Questions for Machine Comprehension of Text},
  year = {2016}
}
@article{karras2019analyzingai,
  author = {Tero Karras and S. Laine and M. Aittala and Janne Hellsten and J. Lehtinen and Timo Aila},
  booktitle = {IEEE/CVF Conference on Computer Vision and Pattern Recognition},
  pages = {8107--8116},
  title = {Analyzing and Improving the Image Quality of StyleGAN},
  year = {2019}
}
@article{heusel2017ganstb,
  author = {M. Heusel and Hubert Ramsauer and Thomas Unterthiner and Bernhard Nessler and Sepp Hochreiter},
  booktitle = {Neural Information Processing Systems},
  pages = {6626--6637},
  title = {GANs Trained by a Two Time-Scale Update Rule Converge to a Local Nash Equilibrium},
  year = {2017}
}
@article{radford2019languagema,
  author = {Alec Radford and Jeff Wu and R. Child and D. Luan and Dario Amodei and I. Sutskever},
  title = {Language Models are Unsupervised Multitask Learners},
  year = {2019}
}
@article{lakshminarayanan2016simpleas,
  author = {Balaji Lakshminarayanan and A. Pritzel and C. Blundell},
  booktitle = {Neural Information Processing Systems},
  pages = {6402--6413},
  title = {Simple and Scalable Predictive Uncertainty Estimation using Deep Ensembles},
  year = {2016}
}
@article{gretton2012akt,
  author = {A. Gretton and Karsten M. Borgwardt and M. Rasch and B. Sch√∂lkopf and Alex Smola},
  booktitle = {Journal of Machine Learning Research},
  pages = {723--773},
  title = {A Kernel Two-Sample Test},
  volume = {13},
  year = {2012}
}
@article{wang2019superglueas,
  author = {Alex Wang and Yada Pruksachatkun and Nikita Nangia and Amanpreet Singh and Julian Michael and Felix Hill and Omer Levy and Samuel R. Bowman},
  booktitle = {Neural Information Processing Systems},
  title = {SuperGLUE: A Stickier Benchmark for General-Purpose Language Understanding Systems},
  year = {2019}
}
@inproceedings{lecun1998gradientbasedla,
  author = {Yann LeCun and L. Bottou and Yoshua Bengio and P. Haffner},
  booktitle = {Proceedings of the IEEE},
  pages = {2278--2324},
  title = {Gradient-based learning applied to document recognition},
  volume = {86},
  year = {1998}
}
@inproceedings{krizhevsky2009learningml,
  author = {A. Krizhevsky},
  title = {Learning Multiple Layers of Features from Tiny Images},
  year = {2009}
}
@article{deng2009imagenetal,
  author = {Jia Deng and Wei Dong and R. Socher and Li-Jia Li and Li Fei-Fei},
  booktitle = {2009 IEEE Conference on Computer Vision and Pattern Recognition},
  pages = {248--255},
  title = {ImageNet: A large-scale hierarchical image database},
  year = {2009}
}
@article{goodfellow2014explainingah,
  author = {I. Goodfellow and Jonathon Shlens and Christian Szegedy},
  booktitle = {International Conference on Learning Representations},
  title = {Explaining and Harnessing Adversarial Examples},
  volume = {abs/1412.6572},
  year = {2014}
}
