%% LaTeX2e file `references.bib'
%% generated by the `filecontents' environment
%% from source `template' on 2025/06/07.
%%
@book{goodfellow2016deep,
  title={Deep learning},
  author={Goodfellow, Ian and Bengio, Yoshua and Courville, Aaron and Bengio, Yoshua},
  volume={1},
  year={2016},
  publisher={MIT Press}
}
@misc{none,
 author = {P. Cousot and R. Cousot},
 title = {INTERPRETATION : ‘A UNIFIED LATTICE MODEL FOR STATIC ANALYSIS OF PROGRAMS BY CONSTRUCTION OR APPROXIMATION}
}
@inproceedings{iyer2019learningtm,
 author = {Srini Iyer},
 title = {Learning to Map Natural Language to General Purpose Source Code},
 year = {2019}
}
@article{chen2021evaluatingll,
 author = {Mark Chen and Jerry Tworek and Heewoo Jun and Qiming Yuan and Henrique Pond{\'e} and Jared Kaplan and Harrison Edwards and Yura Burda and Nicholas Joseph and Greg Brockman and Alex Ray and Raul Puri and Gretchen Krueger and Michael Petrov and Heidy Khlaaf and Girish Sastry and Pamela Mishkin and Brooke Chan and Scott Gray and Nick Ryder and Mikhail Pavlov and Alethea Power and Lukasz Kaiser and Mo Bavarian and Clemens Winter and Phil Tillet and F. Such and D. Cummings and Matthias Plappert and Fotios Chantzis and Elizabeth Barnes and Ariel Herbert-Voss and William H. Guss and Alex Nichol and Igor Babuschkin and S. Balaji and Shantanu Jain and A. Carr and Jan Leike and Josh Achiam and Vedant Misra and Evan Morikawa and Alec Radford and M. Knight and Miles Brundage and Mira Murati and Katie Mayer and P. Welinder and Bob McGrew and Dario Amodei and Sam McCandlish and I. Sutskever and Wojciech Zaremba},
 journal = {ArXiv},
 title = {Evaluating Large Language Models Trained on Code},
 volume = {abs/2107.03374},
 year = {2021}
}
@inproceedings{bjrner2008satisfiabilitymb,
 author = {Nikolaj S. Bj{\o}rner and L. D. Moura and N. Tillmann},
 title = {Satisfiability Modulo Bit-precise Theories for Program Exploration},
 year = {2008}
}
@article{austin2021programsw,
 author = {Jacob Austin and Augustus Odena and Maxwell Nye and Maarten Bosma and H. Michalewski and David Dohan and Ellen Jiang and Carrie J. Cai and Michael Terry and Quoc V. Le and Charles Sutton},
 journal = {ArXiv},
 title = {Program Synthesis with Large Language Models},
 volume = {abs/2108.07732},
 year = {2021}
}
@inproceedings{lehtosalo2011languagewa,
 author = {J. Lehtosalo and D. Greaves},
 title = {Language with a Pluggable Type System and Optional Runtime Monitoring of Type Errors},
 year = {2011}
}
@article{rosa2022zeroshotrc,
 author = {Javier Casas-de la Rosa and A. Fernandez},
 booktitle = {IberLEF@SEPLN},
 title = {Zero-shot Reading Comprehension and Reasoning for Spanish with BERTIN GPT-J-6B},
 year = {2022}
}
@article{wei2022chainot,
 author = {Jason Wei and Xuezhi Wang and Dale Schuurmans and Maarten Bosma and Ed H. Chi and F. Xia and Quoc Le and Denny Zhou},
 journal = {ArXiv},
 title = {Chain of Thought Prompting Elicits Reasoning in Large Language Models},
 volume = {abs/2201.11903},
 year = {2022}
}
@article{nguyen2013semfixpr,
 author = {Hoang D. T. Nguyen and Dawei Qi and Abhik Roychoudhury and S. Chandra},
 journal = {2013 35th International Conference on Software Engineering (ICSE)},
 title = {SemFix: Program repair via semantic analysis},
 pages = {772--781},
 year = {2013}
}
@article{ernst2007theds,
 author = {Michael D. Ernst and J. Perkins and Philip J. Guo and Stephen McCamant and Carlos Pacheco and Matthew S. Tschantz and Chen Xiao},
 journal = {Sci. Comput. Program.},
 title = {The Daikon system for dynamic detection of likely invariants},
 volume = {69},
 pages = {35--45},
 year = {2007}
}
@article{schick2020itsnj,
 author = {Timo Schick and Hinrich Schütze},
 journal = {ArXiv},
 title = {It’s Not Just Size That Matters: Small Language Models Are Also Few-Shot Learners},
 volume = {abs/2009.07118},
 year = {2020}
}
