%% LaTeX2e file `references.bib'
%% generated by the `filecontents' environment
%% from source `template' on 2025/06/08.
%%
@book{goodfellow2016deep,
  title={Deep learning},
  author={Goodfellow, Ian and Bengio, Yoshua and Courville, Aaron and Bengio, Yoshua},
  volume={1},
  year={2016},
  publisher={MIT Press}
}
@article{zhang2019pegasuspw,
 author = {Jingqing Zhang and Yao Zhao and Mohammad Saleh and Peter J. Liu},
 booktitle = {International Conference on Machine Learning},
 journal = {ArXiv},
 title = {PEGASUS: Pre-training with Extracted Gap-sentences for Abstractive Summarization},
 volume = {abs/1912.08777},
 year = {2019}
}
@article{sennrich2015improvingnm,
 author = {Rico Sennrich and B. Haddow and Alexandra Birch},
 booktitle = {Annual Meeting of the Association for Computational Linguistics},
 journal = {ArXiv},
 title = {Improving Neural Machine Translation Models with Monolingual Data},
 volume = {abs/1511.06709},
 year = {2015}
}
@article{reimers2019sentencebertse,
 author = {Nils Reimers and Iryna Gurevych},
 booktitle = {Conference on Empirical Methods in Natural Language Processing},
 pages = {3980-3990},
 title = {Sentence-BERT: Sentence Embeddings using Siamese BERT-Networks},
 year = {2019}
}
@article{wei2022chainot,
 author = {Jason Wei and Xuezhi Wang and Dale Schuurmans and Maarten Bosma and Ed H. Chi and F. Xia and Quoc Le and Denny Zhou},
 booktitle = {Neural Information Processing Systems},
 journal = {ArXiv},
 title = {Chain of Thought Prompting Elicits Reasoning in Large Language Models},
 volume = {abs/2201.11903},
 year = {2022}
}
@inproceedings{wang2024ubenchbu,
 author = {Xunzhi Wang and Zhuowei Zhang and Gaonan Chen and Qiongyu Li and Bitong Luo and Zhixin Han and Haotian Wang and Zhiyu Li and Hang Gao and Mengting Hu},
 title = {UBench: Benchmarking Uncertainty in Large Language Models with Multiple Choice Questions},
 year = {2024}
}
@article{ye2024benchmarkinglv,
 author = {Fanghua Ye and Mingming Yang and Jianhui Pang and Longyue Wang and Derek F. Wong and Emine Yilmaz and Shuming Shi and Zhaopeng Tu},
 booktitle = {Neural Information Processing Systems},
 journal = {ArXiv},
 title = {Benchmarking LLMs via Uncertainty Quantification},
 volume = {abs/2401.12794},
 year = {2024}
}
@article{levenshtein1965binarycc,
 author = {V. Levenshtein},
 journal = {Soviet physics. Doklady},
 pages = {707-710},
 title = {Binary codes capable of correcting deletions, insertions, and reversals},
 volume = {10},
 year = {1965}
}
@article{chen2021evaluatingll,
 author = {Mark Chen and Jerry Tworek and Heewoo Jun and Qiming Yuan and Henrique Pond{\'e} and Jared Kaplan and Harrison Edwards and Yura Burda and Nicholas Joseph and Greg Brockman and Alex Ray and Raul Puri and Gretchen Krueger and Michael Petrov and Heidy Khlaaf and Girish Sastry and Pamela Mishkin and Brooke Chan and Scott Gray and Nick Ryder and Mikhail Pavlov and Alethea Power and Lukasz Kaiser and Mo Bavarian and Clemens Winter and Phil Tillet and F. Such and D. Cummings and Matthias Plappert and Fotios Chantzis and Elizabeth Barnes and Ariel Herbert-Voss and William H. Guss and Alex Nichol and Igor Babuschkin and S. Balaji and Shantanu Jain and A. Carr and Jan Leike and Josh Achiam and Vedant Misra and Evan Morikawa and Alec Radford and M. Knight and Miles Brundage and Mira Murati and Katie Mayer and P. Welinder and Bob McGrew and Dario Amodei and Sam McCandlish and I. Sutskever and Wojciech Zaremba},
 booktitle = {arXiv.org},
 journal = {ArXiv},
 title = {Evaluating Large Language Models Trained on Code},
 volume = {abs/2107.03374},
 year = {2021}
}
@article{lin2014microsoftcc,
 author = {Tsung-Yi Lin and M. Maire and Serge J. Belongie and James Hays and P. Perona and Deva Ramanan and Piotr Doll{\'a}r and C. L. Zitnick},
 booktitle = {European Conference on Computer Vision},
 pages = {740-755},
 title = {Microsoft COCO: Common Objects in Context},
 year = {2014}
}
@article{lakshminarayanan2016simpleas,
 author = {Balaji Lakshminarayanan and A. Pritzel and C. Blundell},
 booktitle = {Neural Information Processing Systems},
 pages = {6402-6413},
 title = {Simple and Scalable Predictive Uncertainty Estimation using Deep Ensembles},
 year = {2016}
}
@article{touvron2023llama2o,
 author = {Hugo Touvron and Louis Martin and Kevin R. Stone and Peter Albert and Amjad Almahairi and Yasmine Babaei and Nikolay Bashlykov and Soumya Batra and Prajjwal Bhargava and Shruti Bhosale and D. Bikel and Lukas Blecher and Cristian Cant{\'o}n Ferrer and Moya Chen and Guillem Cucurull and David Esiobu and Jude Fernandes and Jeremy Fu and Wenyin Fu and Brian Fuller and Cynthia Gao and Vedanuj Goswami and Naman Goyal and A. Hartshorn and Saghar Hosseini and Rui Hou and Hakan Inan and Marcin Kardas and Viktor Kerkez and Madian Khabsa and Isabel Y. Kloumann and A. Korenev and Punit Singh Koura and M. Lachaux and Thibaut Lavril and Jenya Lee and Diana Liskovich and Yinghai Lu and Yuning Mao and Xavier Martinet and Todor Mihaylov and Pushkar Mishra and Igor Molybog and Yixin Nie and Andrew Poulton and Jeremy Reizenstein and Rashi Rungta and Kalyan Saladi and Alan Schelten and Ruan Silva and Eric Michael Smith and R. Subramanian and Xia Tan and Binh Tang and Ross Taylor and Adina Williams and Jian Xiang Kuan and Puxin Xu and Zhengxu Yan and Iliyan Zarov and Yuchen Zhang and Angela Fan and M. Kambadur and Sharan Narang and Aur{\'e}lien Rodriguez and Robert Stojnic and Sergey Edunov and Thomas Scialom},
 booktitle = {arXiv.org},
 journal = {ArXiv},
 title = {Llama 2: Open Foundation and Fine-Tuned Chat Models},
 volume = {abs/2307.09288},
 year = {2023}
}
