%% LaTeX2e file `references.bib'
%% generated by the `filecontents' environment
%% from source `template' on 2025/06/07.
%%
@book{goodfellow2016deep,
  title={Deep learning},
  author={Goodfellow, Ian and Bengio, Yoshua and Courville, Aaron and Bengio, Yoshua},
  volume={1},
  year={2016},
  publisher={MIT Press}
}
@article{sagawa2020distributionallyrn,
 author = {Shiori Sagawa and Pang Wei Koh and Tatsunori B. Hashimoto and Percy Liang},
 booktitle = {International Conference on Learning Representations},
 title = {Distributionally Robust Neural Networks},
 year = {2020}
}
@article{liu2021justtt,
 author = {E. Liu and Behzad Haghgoo and Annie S. Chen and Aditi Raghunathan and Pang Wei Koh and Shiori Sagawa and Percy Liang and Chelsea Finn},
 booktitle = {International Conference on Machine Learning},
 journal = {ArXiv},
 title = {Just Train Twice: Improving Group Robustness without Training Group Information},
 volume = {abs/2107.09044},
 year = {2021}
}
@article{arjovsky2019invariantrm,
 author = {Mart{\'i}n Arjovsky and L. Bottou and Ishaan Gulrajani and David Lopez-Paz},
 booktitle = {arXiv.org},
 journal = {ArXiv},
 title = {Invariant Risk Minimization},
 volume = {abs/1907.02893},
 year = {2019}
}
@article{he2015deeprl,
 author = {Kaiming He and X. Zhang and Shaoqing Ren and Jian Sun},
 booktitle = {Computer Vision and Pattern Recognition},
 journal = {2016 IEEE Conference on Computer Vision and Pattern Recognition (CVPR)},
 pages = {770-778},
 title = {Deep Residual Learning for Image Recognition},
 year = {2015}
}
@article{liu2014deeplf,
 author = {Ziwei Liu and Ping Luo and Xiaogang Wang and Xiaoou Tang},
 booktitle = {IEEE International Conference on Computer Vision},
 journal = {2015 IEEE International Conference on Computer Vision (ICCV)},
 pages = {3730-3738},
 title = {Deep Learning Face Attributes in the Wild},
 year = {2014}
}
@article{ren2018learningtr,
 author = {Mengye Ren and Wenyuan Zeng and Binh Yang and R. Urtasun},
 booktitle = {International Conference on Machine Learning},
 pages = {4331-4340},
 title = {Learning to Reweight Examples for Robust Deep Learning},
 year = {2018}
}
@article{koh2017understandingbp,
 author = {Pang Wei Koh and Percy Liang},
 booktitle = {International Conference on Machine Learning},
 pages = {1885-1894},
 title = {Understanding Black-box Predictions via Influence Functions},
 year = {2017}
}
@inproceedings{wah2011thecb,
 author = {C. Wah and Steve Branson and P. Welinder and P. Perona and Serge J. Belongie},
 title = {The Caltech-UCSD Birds-200-2011 Dataset},
 year = {2011}
}
