%% LaTeX2e file `references.bib'
%% generated by the `filecontents' environment
%% from source `template' on 2025/05/29.
%%
@book{goodfellow2016deep,
  title={Deep learning},
  author={Goodfellow, Ian and Bengio, Yoshua and Courville, Aaron and Bengio, Yoshua},
  volume={1},
  year={2016},
  publisher={MIT Press}
}
@article{gal2015dropoutaa,
 author = {Y. Gal and Zoubin Ghahramani},
 booktitle = {International Conference on Machine Learning},
 pages = {1050-1059},
 title = {Dropout as a Bayesian Approximation: Representing Model Uncertainty in Deep Learning},
 year = {2015}
}
@article{lewis2020retrievalaugmentedgf,
 author = {Patrick Lewis and Ethan Perez and Aleksandara Piktus and F. Petroni and Vladimir Karpukhin and Naman Goyal and Heinrich Kuttler and M. Lewis and Wen-tau Yih and Tim Rockt{\"a}schel and Sebastian Riedel and Douwe Kiela},
 booktitle = {Neural Information Processing Systems},
 journal = {ArXiv},
 title = {Retrieval-Augmented Generation for Knowledge-Intensive NLP Tasks},
 volume = {abs/2005.11401},
 year = {2020}
}
@article{zubkova2025sugarlc,
 author = {Hanna Zubkova and Ji-Hoon Park and Seong-Whan Lee},
 booktitle = {IEEE International Conference on Acoustics, Speech, and Signal Processing},
 journal = {ArXiv},
 title = {SUGAR: Leveraging Contextual Confidence for Smarter Retrieval},
 volume = {abs/2501.04899},
 year = {2025}
}
@article{wang2023selfknowledgegr,
 author = {Yile Wang and Peng Li and Maosong Sun and Yang Liu},
 booktitle = {Conference on Empirical Methods in Natural Language Processing},
 pages = {10303-10315},
 title = {Self-Knowledge Guided Retrieval Augmentation for Large Language Models},
 year = {2023}
}
@article{tix2024followupqi,
 author = {Bernadette Tix},
 booktitle = {arXiv.org},
 journal = {ArXiv},
 title = {Follow-Up Questions Improve Documents Generated by Large Language Models},
 volume = {abs/2407.12017},
 year = {2024}
}
@article{min2020ambigqaaa,
 author = {Sewon Min and Julian Michael and Hannaneh Hajishirzi and Luke Zettlemoyer},
 booktitle = {Conference on Empirical Methods in Natural Language Processing},
 pages = {5783-5797},
 title = {AmbigQA: Answering Ambiguous Open-domain Questions},
 year = {2020}
}
@article{lee2023askingcq,
 author = {Dongryeol Lee and Segwang Kim and Minwoo Lee and Hwanhee Lee and Joonsuk Park and Sang-Woo Lee and Kyomin Jung},
 booktitle = {Conference on Empirical Methods in Natural Language Processing},
 journal = {ArXiv},
 title = {Asking Clarification Questions to Handle Ambiguity in Open-Domain QA},
 volume = {abs/2305.13808},
 year = {2023}
}
@article{kwiatkowski2019naturalqa,
 author = {T. Kwiatkowski et al.},
 booktitle = {Transactions of the Association for Computational Linguistics},
 journal = {Transactions of the Association for Computational Linguistics},
 pages = {453-466},
 title = {Natural Questions: A Benchmark for Question Answering Research},
 volume = {7},
 year = {2019}
}
@article{joshi2017triviaqaal,
 author = {Mandar Joshi and Eunsol Choi and Daniel S. Weld and Luke Zettlemoyer},
 booktitle = {Annual Meeting of the Association for Computational Linguistics},
 journal = {ArXiv},
 title = {TriviaQA: A Large Scale Distantly Supervised Challenge Dataset for Reading Comprehension},
 volume = {abs/1705.03551},
 year = {2017}
}
@article{karpukhin2020densepr,
 author = {Vladimir Karpukhin and Barlas O{\u{g}}uz and Sewon Min and Patrick Lewis and Ledell Yu Wu and Sergey Edunov and Danqi Chen and Wen-tau Yih},
 booktitle = {Conference on Empirical Methods in Natural Language Processing},
 journal = {ArXiv},
 title = {Dense Passage Retrieval for Open-Domain Question Answering},
 volume = {abs/2004.04906},
 year = {2020}
}
@article{rajpurkar2016squad1q,
 author = {Pranav Rajpurkar and Jian Zhang and Konstantin Lopyrev and Percy Liang},
 booktitle = {Conference on Empirical Methods in Natural Language Processing},
 pages = {2383-2392},
 title = {SQuAD: 100,000+ Questions for Machine Comprehension of Text},
 year = {2016}
}
@article{lee2004trustia,
 author = {John D. Lee and Katrina A. See},
 booktitle = {Hum. Factors},
 journal = {Human Factors},
 pages = {50-80},
 title = {Trust in Automation: Designing for Appropriate Reliance},
 volume = {46},
 year = {2004}
}
@article{lin2021truthfulqamh,
 author = {Stephanie C. Lin and Jacob Hilton and Owain Evans},
 booktitle = {Annual Meeting of the Association for Computational Linguistics},
 pages = {3214-3252},
 title = {TruthfulQA: Measuring How Models Mimic Human Falsehoods},
 year = {2021}
}
@article{kingma2014adamam,
 author = {Diederik P. Kingma and Jimmy Ba},
 booktitle = {International Conference on Learning Representations},
 journal = {CoRR},
 title = {Adam: A Method for Stochastic Optimization},
 volume = {abs/1412.6980},
 year = {2014}
}
@article{robertson2009thepr,
 author = {S. Robertson and H. Zaragoza},
 booktitle = {Foundations and Trends in Information Retrieval},
 journal = {Found. Trends Inf. Retr.},
 pages = {333-389},
 title = {The Probabilistic Relevance Framework: BM25 and Beyond},
 volume = {3},
 year = {2009}
}
@article{berant2013semanticpo,
 author = {Jonathan Berant and A. Chou and Roy Frostig and Percy Liang},
 booktitle = {Conference on Empirical Methods in Natural Language Processing},
 pages = {1533-1544},
 title = {Semantic Parsing on Freebase from Question-Answer Pairs},
 year = {2013}
}
@book{zhao2024generatingic,
 author = {Ziliang Zhao and Zhicheng Dou and Yujia Zhou},
 booktitle = {International Conference on Information and Knowledge Management},
 journal = {Proceedings of the 33rd ACM International Conference on Information and Knowledge Management},
 title = {Generating Intent-aware Clarifying Questions in Conversational Information Retrieval Systems},
 year = {2024}
}
@article{guu2020realmrl,
 author = {Kelvin Guu and Kenton Lee and Zora Tung and Panupong Pasupat and Ming-Wei Chang},
 booktitle = {International Conference on Machine Learning},
 journal = {ArXiv},
 title = {REALM: Retrieval-Augmented Language Model Pre-Training},
 volume = {abs/2002.08909},
 year = {2020}
}
@article{yang2018hotpotqaad,
 author = {Zhilin Yang and Peng Qi and Saizheng Zhang and Yoshua Bengio and William W. Cohen and R. Salakhutdinov and Christopher D. Manning},
 booktitle = {Conference on Empirical Methods in Natural Language Processing},
 pages = {2369-2380},
 title = {HotpotQA: A Dataset for Diverse, Explainable Multi-hop Question Answering},
 year = {2018}
}
