%% LaTeX2e file `references.bib'
%% generated by the `filecontents' environment
%% from source `template' on 2025/06/09.
%%
@book{goodfellow2016deep,
  title={Deep learning},
  author={Goodfellow, Ian and Bengio, Yoshua and Courville, Aaron and Bengio, Yoshua},
  volume={1},
  year={2016},
  publisher={MIT Press}
}
@article{koh2017understandingbp,
 author = {Pang Wei Koh and Percy Liang},
 booktitle = {International Conference on Machine Learning},
 pages = {1885-1894},
 title = {Understanding Black-box Predictions via Influence Functions},
 year = {2017}
}
@article{ghorbani2019datase,
 author = {Amirata Ghorbani and James Y. Zou},
 booktitle = {International Conference on Machine Learning},
 journal = {ArXiv},
 title = {Data Shapley: Equitable Valuation of Data for Machine Learning},
 volume = {abs/1904.02868},
 year = {2019}
}
@article{killamsetty2020glistergb,
 author = {Krishnateja Killamsetty and D. Sivasubramanian and Ganesh Ramakrishnan and Rishabh Iyer},
 booktitle = {AAAI Conference on Artificial Intelligence},
 pages = {8110-8118},
 title = {GLISTER: Generalization based Data Subset Selection for Efficient and Robust Learning},
 year = {2020}
}
@article{ren2018learningtr,
 author = {Mengye Ren and Wenyuan Zeng and Binh Yang and R. Urtasun},
 booktitle = {International Conference on Machine Learning},
 pages = {4331-4340},
 title = {Learning to Reweight Examples for Robust Deep Learning},
 year = {2018}
}
@inproceedings{radford2019languagema,
 author = {Alec Radford and Jeff Wu and R. Child and D. Luan and Dario Amodei and I. Sutskever},
 title = {Language Models are Unsupervised Multitask Learners},
 year = {2019}
}
@article{paperno2016theld,
 author = {Denis Paperno and Germ{\'a}n Kruszewski and Angeliki Lazaridou and Q. N. Pham and R. Bernardi and Sandro Pezzelle and Marco Baroni and Gemma Boleda and R. Fern{\'a}ndez},
 booktitle = {Annual Meeting of the Association for Computational Linguistics},
 journal = {ArXiv},
 title = {The LAMBADA dataset: Word prediction requiring a broad discourse context},
 volume = {abs/1606.06031},
 year = {2016}
}
@article{hardt2016equalityoo,
 author = {Moritz Hardt and Eric Price and N. Srebro},
 booktitle = {Neural Information Processing Systems},
 journal = {ArXiv},
 title = {Equality of Opportunity in Supervised Learning},
 volume = {abs/1610.02413},
 year = {2016}
}
@article{bisk2019piqara,
 author = {Yonatan Bisk and Rowan Zellers and Ronan Le Bras and Jianfeng Gao and Yejin Choi},
 booktitle = {AAAI Conference on Artificial Intelligence},
 pages = {7432-7439},
 title = {PIQA: Reasoning about Physical Commonsense in Natural Language},
 year = {2019}
}
