%% LaTeX2e file `references.bib'
%% generated by the `filecontents' environment
%% from source `template' on 2025/05/22.
%%
@book{goodfellow2016deep,
  title={Deep learning},
  author={Goodfellow, Ian and Bengio, Yoshua and Courville, Aaron},
  volume={1},
  year={2016},
  publisher={MIT Press}
}
@article{miller2017explanationia,
  author={Tim Miller},
  title={Explanation in Artificial Intelligence: Insights from the Social Sciences},
  journal={ArXiv},
  volume={abs/1706.07269},
  year={2017}
}
@book{kulesza2015principlesoe,
  author={Todd Kulesza and M. Burnett and Weng-Keen Wong and S. Stumpf},
  title={Principles of Explanatory Debugging to Personalize Interactive Machine Learning},
  booktitle={Proceedings of the 20th International Conference on Intelligent User Interfaces},
  year={2015}
}
@article{hadfield-menell2016cooperativeir,
  author={Dylan Hadfield-Menell and Stuart J. Russell and Pieter Abbeel and Anca Dragan},
  title={Cooperative Inverse Reinforcement Learning},
  booktitle={Neural Information Processing Systems},
  pages={3909--3917},
  year={2016}
}
@article{lin1991divergencemb,
  author={Jianhua Lin},
  title={Divergence measures based on the Shannon entropy},
  journal={IEEE Trans. Inf. Theory},
  volume={37},
  pages={145--151},
  year={1991}
}
@article{lee2004trustia,
  author={John D. Lee and Katrina A. See},
  title={Trust in Automation: Designing for Appropriate Reliance},
  journal={Human Factors},
  volume={46},
  pages={50--80},
  year={2004}
}
@book{ribeiro2016whysi,
  author={Marco Tulio Ribeiro and Sameer Singh and Carlos Guestrin},
  title={"Why Should I Trust You?": Explaining the Predictions of Any Classifier},
  booktitle={Proceedings of the 22nd ACM SIGKDD International Conference on Knowledge Discovery and Data Mining},
  year={2016}
}
@article{lundberg2017aua,
  author={Scott M. Lundberg and Su-In Lee},
  title={A Unified Approach to Interpreting Model Predictions},
  booktitle={Neural Information Processing Systems},
  pages={4765--4774},
  year={2017}
}
@article{paolacci2010runningeo,
  author={Gabriele Paolacci and Jesse J. Chandler and Panagiotis G. Ipeirotis},
  title={Running Experiments on Amazon Mechanical Turk},
  journal={Behavioral \& Experimental Economics eJournal},
  year={2010}
}
