%% LaTeX2e file `references.bib'
%% generated by the `filecontents' environment
%% from source `template' on 2025/06/09.
%%
@article{feng2020codebertap,
  author = {Zhangyin Feng and Daya Guo and Duyu Tang and Nan Duan and Xiaocheng Feng and Ming Gong and Linjun Shou and Bing Qin and Ting Liu and Daxin Jiang and Ming Zhou},
  title = {CodeBERT: A Pre-Trained Model for Programming and Natural Languages},
  journal = {ArXiv},
  volume = {abs/2002.08155},
  year = {2020}
}
@article{jain2020contrastivecr,
  author = {Paras Jain and Ajay Jain and Tianjun Zhang and P. Abbeel and Joseph E. Gonzalez and Ion Stoica},
  title = {Contrastive Code Representation Learning},
  booktitle = {EMNLP},
  pages = {5954--5971},
  year = {2020}
}
@article{liu2023contrabertec,
  author = {Shangqing Liu and Bozhi Wu and Xiaofei Xie and Guozhu Meng and Yang Liu},
  title = {ContraBERT: Enhancing Code Pre-trained Models via Contrastive Learning},
  booktitle = {ICSE},
  pages = {2476--2487},
  year = {2023}
}
@article{ding2023concordcc,
  author = {Yangruibo Ding and Saikat Chakraborty and Luca Buratti and Saurabh Pujar and Alessandro Morari and Gail E. Kaiser and Baishakhi Ray},
  title = {CONCORD: Clone-Aware Contrastive Learning for Source Code},
  journal = {Proceedings of the 32nd ACM SIGSOFT International Symposium on Software Testing and Analysis},
  year = {2023}
}
@article{wang2022codemvplt,
  author = {Xin Wang and Yasheng Wang and Yao Wan and Jiawei Wang and Pingyi Zhou and Li Li and Hao Wu and Jin Liu},
  title = {CODE-MVP: Learning to Represent Source Code from Multiple Views with Contrastive Pre-Training},
  booktitle = {NAACL-HLT},
  pages = {1066--1077},
  year = {2022}
}
@article{huang2024coderp,
  author = {Jiabo Huang and Jianyu Zhao and Yuyang Rong and Yiwen Guo and Yifeng He and Hao Chen},
  title = {Code Representation Pre-training with Complements from Program Executions},
  booktitle = {EMNLP},
  pages = {267--278},
  year = {2024}
}
@article{maciver2019hypothesisan,
  author = {D. MacIver and Zac Hatfield-Dodds},
  title = {Hypothesis: A new approach to property-based testing},
  journal = {J. Open Source Softw.},
  volume = {4},
  pages = {1891},
  year = {2019}
}
@article{oord2018representationlw,
  author = {A{\"a}ron van den Oord and Yazhe Li and Oriol Vinyals},
  title = {Representation Learning with Contrastive Predictive Coding},
  journal = {ArXiv},
  volume = {abs/1807.03748},
  year = {2018}
}
@article{vaswani2017attentionia,
  author = {Ashish Vaswani and Noam M. Shazeer and Niki Parmar and Jakob Uszkoreit and Llion Jones and Aidan N. Gomez and Lukasz Kaiser and Illia Polosukhin},
  title = {Attention is All you Need},
  booktitle = {NeurIPS},
  pages = {5998--6008},
  year = {2017}
}
@article{kingma2014adamam,
  author = {Diederik P. Kingma and Jimmy Ba},
  title = {Adam: A Method for Stochastic Optimization},
  journal = {CoRR},
  volume = {abs/1412.6980},
  year = {2014}
}
@article{guo2020graphcodebertpc,
  author = {Daya Guo and Shuo Ren and Shuai Lu and Zhangyin Feng and Duyu Tang and Shujie Liu and Long Zhou and Nan Duan and Jian Yin and Daxin Jiang and M. Zhou},
  title = {GraphCodeBERT: Pre-training Code Representations with Data Flow},
  journal = {ArXiv},
  volume = {abs/2009.08366},
  year = {2020}
}
@article{husain2019codesearchnetce,
  author = {Hamel Husain and Hongqiu Wu and Tiferet Gazit and Miltiadis Allamanis and Marc Brockschmidt},
  title = {CodeSearchNet Challenge: Evaluating the State of Semantic Code Search},
  journal = {ArXiv},
  volume = {abs/1909.09436},
  year = {2019}
}
@article{zou2021inlineformulatexmathnx,
  author = {Deqing Zou and Sujuan Wang and Shouhuai Xu and Zhen Li and Hai Jin},
  title = {Î¼VulDeePecker: A Deep Learning-Based System for Multiclass Vulnerability Detection},
  journal = {IEEE Trans. Dependable Secure Comput.},
  volume = {18},
  pages = {2224--2236},
  year = {2021}
}
