%% LaTeX2e file `references.bib'
%% generated by the `filecontents' environment
%% from source `template' on 2025/05/30.
%%
@book{goodfellow2016deep,
  title={Deep learning},
  author={Goodfellow, Ian and Bengio, Yoshua and Courville, Aaron and Bengio, Yoshua},
  volume={1},
  year={2016},
  publisher={MIT Press}
}
@inproceedings{ribeiro2016whysi,
 author = {Marco Tulio Ribeiro and Sameer Singh and Carlos Guestrin},
 title = {“Why Should I Trust You?”: Explaining the Predictions of Any Classifier},
 booktitle = {Proceedings of the 22nd ACM SIGKDD International Conference on Knowledge Discovery and Data Mining},
 year = {2016}
}
@inproceedings{lundberg2017aua,
 author = {Scott M. Lundberg and Su-In Lee},
 title = {A Unified Approach to Interpreting Model Predictions},
 booktitle = {Neural Information Processing Systems},
 pages = {4765-4774},
 year = {2017}
}
@article{amershi2014powertt,
 author = {Saleema Amershi and M. Cakmak and W. B. Knox and Todd Kulesza},
 title = {Power to the People: The Role of Humans in Interactive Machine Learning},
 journal = {AI Mag.},
 volume = {35},
 pages = {105-120},
 year = {2014}
}
@inproceedings{kulesza2015principlesoe,
 author = {Todd Kulesza and M. Burnett and Weng-Keen Wong and S. Stumpf},
 title = {Principles of Explanatory Debugging to Personalize Interactive Machine Learning},
 booktitle = {Proceedings of the 20th International Conference on Intelligent User Interfaces},
 year = {2015}
}
@inproceedings{poursabzi-sangdeh2018manipulatingam,
 author = {Forough Poursabzi-Sangdeh and D. Goldstein and Jake M. Hofman and Jennifer Wortman Vaughan and Hanna M. Wallach},
 title = {Manipulating and Measuring Model Interpretability},
 booktitle = {Proceedings of the 2021 CHI Conference on Human Factors in Computing Systems},
 year = {2018}
}
@article{kingma2014adamam,
 author = {Diederik P. Kingma and Jimmy Ba},
 title = {Adam: A Method for Stochastic Optimization},
 journal = {CoRR},
 volume = {abs/1412.6980},
 year = {2014}
}
@article{tversky1974judgmentuu,
 author = {A. Tversky and Daniel Kahneman},
 title = {Judgment under Uncertainty: Heuristics and Biases},
 journal = {Science},
 volume = {185},
 pages = {1124-1131},
 year = {1974}
}
@article{doshi-velez2017towardsar,
 author = {F. Doshi-Velez and Been Kim},
 title = {Towards A Rigorous Science of Interpretable Machine Learning},
 journal = {arXiv:1702.08608},
 year = {2017}
}
@article{miller2017explanationia,
 author = {Tim Miller},
 title = {Explanation in Artificial Intelligence: Insights from the Social Sciences},
 journal = {ArXiv},
 volume = {abs/1706.07269},
 year = {2017}
}
@article{sweller1988cognitiveld,
 author = {J. Sweller},
 title = {Cognitive Load During Problem Solving: Effects on Learning},
 journal = {Cogn. Sci.},
 volume = {12},
 pages = {257-285},
 year = {1988}
}
